@article{Hsieh2017CollaborativeML,
  title={Collaborative Metric Learning},
  author={Cheng-Kang Hsieh and Longqi Yang and Yin Cui and Tsung-Yi Lin and Serge J. Belongie and Deborah Estrin},
  journal={Proceedings of the 26th International Conference on World Wide Web},
  year={2017}
}

@article{Kaya2019DeepML,
  title={Deep Metric Learning: A Survey},
  author={Mahmut Kaya and Hasan Şakir Bilge},
  journal={Symmetry},
  year={2019},
  volume={11},
  pages={1066}
}

@inproceedings{Wu2018StarSpaceEA,
  title={StarSpace: Embed All The Things!},
  author={Ledell Yu Wu and Adam Fisch and Sumit Chopra and Keith Adams and Antoine Bordes and Jason Weston},
  booktitle={AAAI},
  year={2018}
}

@inproceedings{Reimers2019SentenceBERTSE,
  title={Sentence-BERT: Sentence Embeddings using Siamese BERT-Networks},
  author={Nils Reimers and Iryna Gurevych},
  booktitle={EMNLP/IJCNLP},
  year={2019}
}

@article{Yi2014DeepML,
  title={Deep Metric Learning for Practical Person Re-Identification},
  author={Dong Yi and Zhen Lei and Stan Z. Li},
  journal={ArXiv},
  year={2014},
  volume={abs/1407.4979}
}

@article{Manmatha2017SamplingMI,
  title={Sampling Matters in Deep Embedding Learning},
  author={R. Manmatha and Chao-Yuan Wu and Alexander J. Smola and Philipp Kr{\"a}henb{\"u}hl},
  journal={2017 IEEE International Conference on Computer Vision (ICCV)},
  year={2017},
  pages={2859-2867}
}

@article{Kingma2014AutoEncodingVB,
  title={Auto-Encoding Variational Bayes},
  author={Diederik P. Kingma and Max Welling},
  journal={CoRR},
  year={2014},
  volume={abs/1312.6114}
}

@inproceedings{Rumelhart1986LearningIR,
  title={Learning internal representations by error propagation},
  author={David E. Rumelhart and Geoffrey E. Hinton and Ronald J. Williams},
  year={1986},
  booktitle = {Parallel Distributed Processing: Explorations in the Microstructure of Cognition, Vol. 1: Foundations}
}

@article{Doersch2015UnsupervisedVR,
  title={Unsupervised Visual Representation Learning by Context Prediction},
  author={Carl Doersch and Abhinav Gupta and Alexei A. Efros},
  journal={2015 IEEE International Conference on Computer Vision (ICCV)},
  year={2015},
  pages={1422-1430}
}

@inproceedings{Lee2013PseudoLabelT,
  title={Pseudo-Label : The Simple and Efficient Semi-Supervised Learning Method for Deep Neural Networks},
  author={Dong-Hyun Lee},
  year={2013}
}

@inproceedings{Hoffer2015DeepML,
  title={Deep Metric Learning Using Triplet Network},
  author={Elad Hoffer and Nir Ailon},
  booktitle={SIMBAD},
  year={2015}
}

@inproceedings{Ustinova2016LearningDE,
  title={Learning Deep Embeddings with Histogram Loss},
  author={Evgeniya Ustinova and Victor S. Lempitsky},
  booktitle={NIPS},
  year={2016}
}

@article{Song2017LearningUE,
  title={Learning Unified Embedding for Apparel Recognition},
  author={Yang Song and Yuan Li and Bo Wu and Chao-Yeh Chen and Xiao Zhang and Hartwig Adam},
  journal={2017 IEEE International Conference on Computer Vision Workshops (ICCVW)},
  year={2017},
  pages={2243-2246}
}

@article{Zhai2019LearningAU,
  title={Learning a Unified Embedding for Visual Search at Pinterest},
  author={Andrew Zhai and Hao-Yu Wu and Eric Tzeng and Dong Huk Park and Charles Rosenberg},
  journal={Proceedings of the 25th ACM SIGKDD International Conference on Knowledge Discovery \& Data Mining},
  year={2019}
}

@article{Schroff2015FaceNetAU,
  title={FaceNet: A unified embedding for face recognition and clustering},
  author={Florian Schroff and Dmitry Kalenichenko and James Philbin},
  journal={2015 IEEE Conference on Computer Vision and Pattern Recognition (CVPR)},
  year={2015},
  pages={815-823}
}

@article{SimoSerra2015DiscriminativeLO,
  title={Discriminative Learning of Deep Convolutional Feature Point Descriptors},
  author={Edgar Simo-Serra and Eduard Trulls and Luis Ferraz and Iasonas Kokkinos and Pascal Fua and Francesc Moreno-Noguer},
  journal={2015 IEEE International Conference on Computer Vision (ICCV)},
  year={2015},
  pages={118-126}
}

@article{Hadsell2006DimensionalityRB,
  title={Dimensionality Reduction by Learning an Invariant Mapping},
  author={Raia Hadsell and Sumit Chopra and Yann LeCun},
  journal={2006 IEEE Computer Society Conference on Computer Vision and Pattern Recognition (CVPR'06)},
  year={2006},
  volume={2},
  pages={1735-1742}
}

@article{Vaswani2017AttentionIA,
  title={Attention is All you Need},
  author={Ashish Vaswani and Noam Shazeer and Niki Parmar and Jakob Uszkoreit and Llion Jones and Aidan N. Gomez and Lukasz Kaiser and Illia Polosukhin},
  journal={ArXiv},
  year={2017},
  volume={abs/1706.03762}
}

@article{Sutskever2014SequenceTS,
  title={Sequence to Sequence Learning with Neural Networks},
  author={Ilya Sutskever and Oriol Vinyals and Quoc V. Le},
  journal={ArXiv},
  year={2014},
  volume={abs/1409.3215}
}

@article{Devlin2019BERTPO,
  title={BERT: Pre-training of Deep Bidirectional Transformers for Language Understanding},
  author={Jacob Devlin and Ming-Wei Chang and Kenton Lee and Kristina Toutanova},
  journal={ArXiv},
  year={2019},
  volume={abs/1810.04805}
}

@article{Peters2018DeepCW,
  title={Deep contextualized word representations},
  author={Matthew E. Peters and Mark Neumann and Mohit Iyyer and Matt Gardner and Christopher Clark and Kenton Lee and Luke Zettlemoyer},
  journal={ArXiv},
  year={2018},
  volume={abs/1802.05365}
}

@article{Mikolov2013EfficientEO,
  title={Efficient Estimation of Word Representations in Vector Space},
  author={Tomas Mikolov and Kai Chen and Gregory S. Corrado and Jeffrey Dean},
  journal={CoRR},
  year={2013},
  volume={abs/1301.3781}
}

@article{Lwe2019GreedyIF,
  title={Greedy InfoMax for Biologically Plausible Self-Supervised Representation Learning},
  author={Sindy L{\"o}we and Peter O'Connor and Bastiaan S. Veeling},
  journal={ArXiv},
  year={2019},
  volume={abs/1905.11786}
}

@article{Oord2018RepresentationLW,
  title={Representation Learning with Contrastive Predictive Coding},
  author={A{\"a}ron van den Oord and Yazhe Li and Oriol Vinyals},
  journal={ArXiv},
  year={2018},
  volume={abs/1807.03748}
}

@article{Hjelm2019LearningDR,
  title={Learning deep representations by mutual information estimation and maximization},
  author={R. Devon Hjelm and Alex Fedorov and Samuel Lavoie-Marchildon and Karan Grewal and Adam Trischler and Yoshua Bengio},
  journal={ArXiv},
  year={2019},
  volume={abs/1808.06670}
}

@article{Jing2020SelfsupervisedVF,
  title={Self-supervised Visual Feature Learning with Deep Neural Networks: A Survey},
  author={Longlong Jing and Yingli Tian},
  journal={IEEE transactions on pattern analysis and machine intelligence},
  year={2020}
}

@inproceedings{Poole2018OnVL,
  title={On variational lower bounds of mutual information},
  author={Ben Poole and Sherjil Ozair and A{\"a}ron van den Oord and Alexander A. Alemi and George Tucker},
  year={2018}
}

@inproceedings{Mao2019MetricLF,
  title={Metric Learning for Adversarial Robustness},
  author={Chengzhi Mao and Ziyuan Zhong and Junfeng Yang and Carl Vondrick and Baishakhi Ray},
  booktitle={NeurIPS},
  year={2019}
}

@article{Wan2018GeneralizedEL,
  title={Generalized End-to-End Loss for Speaker Verification},
  author={Lipeng Wan and Qi-shan Wang and Alan Papir and Ignacio Lopez-Moreno},
  journal={2018 IEEE International Conference on Acoustics, Speech and Signal Processing (ICASSP)},
  year={2018},
  pages={4879-4883}
}

@article{Babaev2019ETRNNAD,
  title={E.T.-RNN: Applying Deep Learning to Credit Loan Applications},
  author={Dmitrii Babaev and Maxim Savchenko and Alexander Tuzhilin and Dmitrii Umerenkov},
  journal={Proceedings of the 25th ACM SIGKDD International Conference on Knowledge Discovery \& Data Mining},
  year={2019}
}

@article{Mancisidor2019LearningLR,
  title={Learning Latent Representations of Bank Customers With The Variational Autoencoder},
  author={Rogelio Andrade Mancisidor and Michael Kampffmeyer and Kjersti Aas and Robert Jenssen},
  journal={ArXiv},
  year={2019},
  volume={abs/1903.06580}
}

@article{Baldassini2018client2vecTS,
  title={client2vec: Towards Systematic Baselines for Banking Applications},
  author={Leonardo Baldassini and Jose Antonio Rodr{\'i}guez Serrano},
  journal={ArXiv},
  year={2018},
  volume={abs/1802.04198}
}

@article{Doan2018GeneratingRS,
  title={Generating Realistic Sequences of Customer-Level Transactions for Retail Datasets},
  author={Thang Doan and Neil Veira and Brian Keng},
  journal={2018 IEEE International Conference on Data Mining Workshops (ICDMW)},
  year={2018},
  pages={820-827}
}

@inproceedings{Ke2017LightGBMAH,
  title={LightGBM: A Highly Efficient Gradient Boosting Decision Tree},
  author={Guolin Ke and Qi Meng and Thomas Finley and Taifeng Wang and Wei Chen and Weidong Ma and Qiwei Ye and Tie-Yan Liu},
  booktitle={NIPS},
  year={2017}
}

@article{Friedman2001GreedyFA,
  title={Greedy function approximation: A gradient boosting machine.},
  journal={The Annals of Statistics},
  author={Jerome H. Friedman},
  year={2001},
}

@article{Ioffe2015BatchNA,
  title={Batch Normalization: Accelerating Deep Network Training by Reducing Internal Covariate Shift},
  author={Sergey Ioffe and Christian Szegedy},
  journal={ArXiv},
  year={2015},
  volume={abs/1502.03167}
}

@article{Cho2014LearningPR,
  title={Learning Phrase Representations using RNN Encoder-Decoder for Statistical Machine Translation},
  author={Kyunghyun Cho and Bart van Merrienboer and Çaglar G{\"u}lçehre and Dzmitry Bahdanau and Fethi Bougares and Holger Schwenk and Yoshua Bengio},
  journal={ArXiv},
  year={2014},
  volume={abs/1406.1078}
}

@inproceedings{Laxman2008StreamPU,
  title={Stream prediction using a generative model based on frequent episodes in event sequences},
  author={Srivatsan Laxman and Vikram Tankasali and Ryen W. White},
  booktitle={KDD},
  year={2008}
}

@article{Cao2019UnsupervisedDM,
  title={Unsupervised Deep Metric Learning via Auxiliary Rotation Loss},
  author={Xuefei Cao and Bor-Chun Chen and Ser-Nam Lim},
  journal={ArXiv},
  year={2019},
  volume={abs/1911.07072}
}

@inproceedings{Wiese2009CreditCT,
  title={Credit Card Transactions, Fraud Detection, and Machine Learning: Modelling Time with LSTM Recurrent Neural Networks},
  author={B{\'e}nard Wiese and Christian W. Omlin},
  booktitle={Innovations in Neural Information Paradigms and Applications},
  year={2009}
}

@inproceedings{Zhang2017CreditRA,
  title={Credit Risk Assessment Based on Long Short-Term Memory Model},
  author={Yishen Zhang and Dong Wang and Yuehui Chen and Huijie Shang and Qi Tian},
  booktitle={ICIC},
  year={2017}
}

@article{Bigon2019PredictionIV,
  title={Prediction is very hard, especially about conversion. Predicting user purchases from clickstream data in fashion e-commerce},
  author={Luca Bigon and Giovanni Cassani and Ciro Greco and Lucas Lacasa and Mattia Pavoni and Andrea Polonioli and Jacopo Tagliabue},
  journal={ArXiv},
  year={2019},
  volume={abs/1907.00400}
}

@inproceedings{Weinberger2005DistanceML,
  title={Distance Metric Learning for Large Margin Nearest Neighbor Classification},
  author={Kilian Q. Weinberger and Lawrence K. Saul},
  booktitle={NIPS},
  year={2005}
}

@article{Hu2014DiscriminativeDM,
  title={Discriminative Deep Metric Learning for Face Verification in the Wild},
  author={Junlin Hu and Jiwen Lu and Yap-Peng Tan},
  journal={2014 IEEE Conference on Computer Vision and Pattern Recognition},
  year={2014},
  pages={1875-1882}
}

@inproceedings{Xing2002DistanceML,
  title={Distance Metric Learning with Application to Clustering with Side-Information},
  author={Eric P. Xing and Andrew Y. Ng and Michael I. Jordan and Stuart J. Russell},
  booktitle={NIPS},
  year={2002}
}

@article{Maaten2008VisualizingDU,
  title={Visualizing Data using t-SNE},
  author={Laurens van der Maaten and Geoffrey E. Hinton},
  year={2008},
  journal={Journal of machine learning research},
}

@article{Chopra2005LearningAS,
  title={Learning a similarity metric discriminatively, with application to face verification},
  author={Sumit Chopra and Raia Hadsell and Yann LeCun},
  journal={2005 IEEE Computer Society Conference on Computer Vision and Pattern Recognition (CVPR'05)},
  year={2005},
  volume={1},
  pages={539-546 vol. 1}
}

@article{Niu2019ACS,
  title={A Comparison Study of Credit Card Fraud Detection: Supervised versus Unsupervised},
  author={Xuetong Niu and Li Wang and Xulei Yang},
  journal={ArXiv},
  year={2019},
  volume={abs/1904.10604}
}

@article{Wu2009AdaptingBF,
  title={Adapting boosting for information retrieval measures},
  author={Qiang Wu and Christopher J. C. Burges and Krysta Marie Svore and Jianfeng Gao},
  journal={Information Retrieval},
  year={2009},
  volume={13},
  pages={254-270}
}

@inproceedings{Vorobev2019LearningTS,
  title={Learning to select for a predefined ranking},
  author={Aleksandr Vorobev and Aleksei Ustimenko and Gleb Gusev and Pavel Serdyukov},
  booktitle={ICML},
  year={2019}
}

@article{Zhang2015AGB,
  title={A gradient boosting method to improve travel time prediction},
  author={Yanru Zhang and Ali Haghani},
  journal={Transportation Research Part C-emerging Technologies},
  year={2015},
  volume={58},
  pages={308-324}
}

@article{Sun2017RevisitingUE,
  title={Revisiting Unreasonable Effectiveness of Data in Deep Learning Era},
  author={Chen Sun and Abhinav Shrivastava and Saurabh Singh and Abhinav Gupta},
  journal={2017 IEEE International Conference on Computer Vision (ICCV)},
  year={2017},
  pages={843-852}
}

@article{Ni2018PerceiveYU,
  title={Perceive Your Users in Depth: Learning Universal User Representations from Multiple E-commerce Tasks},
  author={Yabo Ni and Dan Ou and Shichen Liu and Xiang Li and Wenwu Ou and Anxiang Zeng and Luo Si},
  journal={Proceedings of the 24th ACM SIGKDD International Conference on Knowledge Discovery \& Data Mining},
  year={2018}
}

@article{Chen2020ASF,
  title={A Simple Framework for Contrastive Learning of Visual Representations},
  author={Ting Chen and Simon Kornblith and Mohammad Norouzi and Geoffrey E. Hinton},
  journal={ArXiv},
  year={2020},
  volume={abs/2002.05709}
}

@article{Efron1994Bootstrap,
  title={An introduction to the bootstrap},
  author={Bradley Efron and Robert J. Tibshirani},
  journal={CRC press},
  year={1994},
  volume={}
}

@article{Gardner2006Cyclostationarity,
  title={Cyclostationarity: Half a century of research},
  author={William A. Gardner and Antonio Napolitano and Luigi Paura},
  journal={Signal processing},
  year={2006},
  volume={86.4},
  pages={639--697}
}

@article{Yosinski2014HowTA,
  title={How transferable are features in deep neural networks?},
  author={Jason Yosinski and Jeff Clune and Yoshua Bengio and Hod Lipson},
  journal={ArXiv},
  year={2014},
  volume={abs/1411.1792}
}

@article{He2019MomentumCF,
  title={Momentum Contrast for Unsupervised Visual Representation Learning},
  author={Kaiming He and Haoqi Fan and Yuxin Wu and Saining Xie and Ross B. Girshick},
  journal={ArXiv},
  year={2019},
  volume={abs/1911.05722}
}

@inproceedings{Tan2018ASO,
  title={A Survey on Deep Transfer Learning},
  author={Chuanqi Tan and Fuchun Sun and Tao Kong and Wenchang Zhang and Chao Yang and Chunfang Liu},
  booktitle={ICANN},
  year={2018}
}

@article{Pan2010ASO,
  title={A Survey on Transfer Learning},
  author={Sinno Jialin Pan and Qiang Yang},
  journal={IEEE Transactions on Knowledge and Data Engineering},
  year={2010},
  volume={22},
  pages={1345-1359}
}

@article{Tobback2019RetailCS,
  title={Retail credit scoring using fine‐grained payment data},
  author={Ellen Tobback and David Martens},
  journal={Journal of The Royal Statistical Society Series A-statistics in Society},
  year={2019},
  volume={182},
  pages={1227-1246}
}

@article{chatterjee2003modeling,
  title={Modeling the clickstream: Implications for web-based advertising efforts},
  author={Chatterjee, Patrali and Hoffman, Donna L and Novak, Thomas P},
  journal={Marketing Science},
  volume={22},
  number={4},
  pages={520--541},
  year={2003},
  publisher={INFORMS}
}

@article{sinha2014your,
  title={Your click decides your fate: Inferring information processing and attrition behavior from mooc video clickstream interactions},
  author={Sinha, Tanmay and Jermann, Patrick and Li, Nan and Dillenbourg, Pierre},
  journal={arXiv preprint arXiv:1407.7131},
  year={2014}
}

@article{Falcon2020AFF,
  title={A Framework For Contrastive Self-Supervised Learning And Designing A New Approach},
  author={W. Falcon and Kyunghyun Cho},
  journal={ArXiv},
  year={2020},
  volume={abs/2009.00104}
}

@inproceedings{Dosovitskiy2014DiscriminativeUF,
  title={Discriminative Unsupervised Feature Learning with Convolutional Neural Networks},
  author={A. Dosovitskiy and Jost Tobias Springenberg and Martin A. Riedmiller and T. Brox},
  booktitle={NIPS},
  year={2014}
}

@article{Bachman2019LearningRB,
  title={Learning Representations by Maximizing Mutual Information Across Views},
  author={Philip Bachman and R. Devon Hjelm and William Buchwalter},
  journal={ArXiv},
  year={2019},
  volume={abs/1906.00910}
}

@article{Zhou2020ContrastiveLF,
  title={Contrastive Learning for Debiased Candidate Generation in Large-Scale Recommender Systems},
  author={Chang Zhou and Jianxin Ma and J. Zhang and Jingren Zhou and Hongxia Yang},
  journal={ArXiv},
  year={2020}
}

@article{Ma2020DisentangledSI,
  title={Disentangled Self-Supervision in Sequential Recommenders},
  author={Jianxin Ma and C. Zhou and Hongxia Yang and Peng Cui and Xin Wang and Wenwu Zhu},
  journal={Proceedings of the 26th ACM SIGKDD International Conference on Knowledge Discovery \& Data Mining},
  year={2020}
}

@article{Yao2020SelfsupervisedLF,
  title={Self-supervised Learning for Deep Models in Recommendations},
  author={Tiansheng Yao and Xinyang Yi and D. Cheng and F. Yu and Aditya Menon and L. Hong and Ed Huai-hsin Chi and Steve Tjoa and J. Kang and Evan Ettinger},
  journal={ArXiv},
  year={2020},
  volume={abs/2007.12865}
}

@article{Zhou2020S3RecSL,
  title={S\^3-Rec: Self-Supervised Learning for Sequential Recommendation with Mutual Information Maximization},
  author={Kun Zhou and Haibo Wang and Wayne Xin Zhao and Yutao Zhu and Sirui Wang and Fuzheng Zhang and Zhong-yuan Wang and Jirong Wen},
  journal={ArXiv},
  year={2020},
  volume={abs/2008.07873}
}

@article{Lan2020ALBERTAL,
  title={ALBERT: A Lite BERT for Self-supervised Learning of Language Representations},
  author={Zhenzhong Lan and Mingda Chen and Sebastian Goodman and Kevin Gimpel and Piyush Sharma and Radu Soricut},
  journal={ArXiv},
  year={2020},
  volume={abs/1909.11942}
}

@article{Clark2020ELECTRAPT,
  title={ELECTRA: Pre-training Text Encoders as Discriminators Rather Than Generators},
  author={K. Clark and Minh-Thang Luong and Quoc V. Le and Christopher D. Manning},
  journal={ArXiv},
  year={2020},
  volume={abs/2003.10555}
}

@inproceedings{Saunshi2019ICML,
  title={A Theoretical Analysis of Contrastive Unsupervised Representation Learning},
  author={Nikunj Saunshi and Orestis Plevrakis and Sanjeev Arora and Mikhail Khodak and Hrishikesh Khandeparkar},
  booktitle={In International Conference on Machine Learning},
  year={2019},
  pages={5628--5637}
}