@inproceedings{Hsieh:2017:CML:3038912.3052639,
 author = {Hsieh, Cheng-Kang and Yang, Longqi and Cui, Yin and Lin, Tsung-Yi and Belongie, Serge and Estrin, Deborah},
 title = {Collaborative Metric Learning},
 booktitle = {Proceedings of the 26th International Conference on World Wide Web},
 series = {WWW '17},
 year = {2017},
 isbn = {978-1-4503-4913-0},
 location = {Perth, Australia},
 pages = {193--201},
 numpages = {9},
 url = {https://doi.org/10.1145/3038912.3052639},
 doi = {10.1145/3038912.3052639},
 acmid = {3052639},
 publisher = {International World Wide Web Conferences Steering Committee},
 address = {Republic and Canton of Geneva, Switzerland},
 keywords = {collaborative filtering, collaborative metric learning, metric learning, recommendation systems},
}

@article{kaya2019deep,
  title={Deep Metric Learning: A Survey},
  author={Kaya, Mahmut and Bilge, Hasan {\c{S}}akir},
  journal={Symmetry},
  volume={11},
  number={9},
  pages={1066},
  year={2019},
  publisher={Multidisciplinary Digital Publishing Institute}
}

@inproceedings{Wu2017StarSpaceEA,
  title={StarSpace: Embed All The Things!},
  author={Ledell Yu Wu and Adam Fisch and Sumit Chopra and Keith Adams and Antoine Bordes and Jason Weston},
  booktitle={AAAI},
  year={2017}
}

@inproceedings{reimers-2019-sentence-bert,
    title = "Sentence-BERT: Sentence Embeddings using Siamese BERT-Networks",
    author = "Reimers, Nils and Gurevych, Iryna",
    booktitle = "Proceedings of the 2019 Conference on Empirical Methods in Natural Language Processing",
    month = "11",
    year = "2019",
    publisher = "Association for Computational Linguistics",
    url = "http://arxiv.org/abs/1908.10084",
}

@article{Song2017LearningUE,
  title={Learning Unified Embedding for Apparel Recognition},
  author={Yang Song and Yuan Li and Bo Wu and Chao-Yeh Chen and Xiao Zhang and Hartwig Adam},
  journal={2017 IEEE International Conference on Computer Vision Workshops (ICCVW)},
  year={2017},
  pages={2243-2246}
}

@inproceedings{Zhai:2019:LUE:3292500.3330739,
 author = {Zhai, Andrew and Wu, Hao-Yu and Tzeng, Eric and Park, Dong Huk and Rosenberg, Charles},
 title = {Learning a Unified Embedding for Visual Search at Pinterest},
 booktitle = {Proceedings of the 25th ACM SIGKDD International Conference on Knowledge Discovery \& Data Mining},
 series = {KDD '19},
 year = {2019},
 isbn = {978-1-4503-6201-6},
 location = {Anchorage, AK, USA},
 pages = {2412--2420},
 numpages = {9},
 url = {http://doi.acm.org/10.1145/3292500.3330739},
 doi = {10.1145/3292500.3330739},
 acmid = {3330739},
 publisher = {ACM},
 address = {New York, NY, USA},
 keywords = {embedding, multi-task learning, recommendation systems, visual search},
}

@article{Schroff2015FaceNetAU,
  title={FaceNet: A unified embedding for face recognition and clustering},
  author={Florian Schroff and Dmitry Kalenichenko and James Philbin},
  journal={2015 IEEE Conference on Computer Vision and Pattern Recognition (CVPR)},
  year={2015},
  pages={815-823}
}

@inproceedings{Hadsell:2006:DRL:1153171.1153654,
 author = {Hadsell, Raia and Chopra, Sumit and LeCun, Yann},
 title = {Dimensionality Reduction by Learning an Invariant Mapping},
 booktitle = {Proceedings of the 2006 IEEE Computer Society Conference on Computer Vision and Pattern Recognition - Volume 2},
 series = {CVPR '06},
 year = {2006},
 isbn = {0-7695-2597-0},
 pages = {1735--1742},
 numpages = {8},
 url = {http://dx.doi.org/10.1109/CVPR.2006.100},
 doi = {10.1109/CVPR.2006.100},
 acmid = {1153654},
 publisher = {IEEE Computer Society},
 address = {Washington, DC, USA},
}

@article{DBLP:journals/corr/VaswaniSPUJGKP17,
  author    = {Ashish Vaswani and
               Noam Shazeer and
               Niki Parmar and
               Jakob Uszkoreit and
               Llion Jones and
               Aidan N. Gomez and
               Lukasz Kaiser and
               Illia Polosukhin},
  title     = {Attention Is All You Need},
  journal   = {CoRR},
  volume    = {abs/1706.03762},
  year      = {2017},
  url       = {http://arxiv.org/abs/1706.03762},
  archivePrefix = {arXiv},
  eprint    = {1706.03762},
  timestamp = {Mon, 13 Aug 2018 16:48:37 +0200},
  biburl    = {https://dblp.org/rec/bib/journals/corr/VaswaniSPUJGKP17},
  bibsource = {dblp computer science bibliography, https://dblp.org}
}

@inproceedings{Sutskever:2014:SSL:2969033.2969173,
 author = {Sutskever, Ilya and Vinyals, Oriol and Le, Quoc V.},
 title = {Sequence to Sequence Learning with Neural Networks},
 booktitle = {Proceedings of the 27th International Conference on Neural Information Processing Systems - Volume 2},
 series = {NIPS'14},
 year = {2014},
 location = {Montreal, Canada},
 pages = {3104--3112},
 numpages = {9},
 url = {http://dl.acm.org/citation.cfm?id=2969033.2969173},
 acmid = {2969173},
 publisher = {MIT Press},
 address = {Cambridge, MA, USA},
}

@inproceedings{Devlin2019BERTPO,
  title={BERT: Pre-training of Deep Bidirectional Transformers for Language Understanding},
  author={Jacob Devlin and Ming-Wei Chang and Kenton Lee and Kristina Toutanova},
  booktitle={NAACL-HLT},
  year={2019}
}